@article{Fujimoto1990,
  title={Parallel discrete event simulation},
  author={Fujimoto, Richard M},
  journal={Communications of the ACM},
  volume={33},
  number={10},
  pages={30--53},
  year={1990},
  publisher={ACM},
  comment="Overview of work in parallel discrete event simulation"
}

@article{Jefferson1985,
  title={Virtual time},
  author={Jefferson, David R},
  journal={ACM Transactions on Programming Languages and Systems (TOPLAS)},
  volume={7},
  number={3},
  pages={404--425},
  year={1985},
  publisher={ACM}
}

@inproceedings{Chan2018,
author={C. {Chan} and B. {Wang} and J. {Bachan} and J. {Macfarlane}},
booktitle={2018 21st International Conference on Intelligent Transportation Systems (ITSC)},
title={Mobiliti: Scalable Transportation Simulation Using High-Performance Parallel Computing},
year={2018},
volume={},
number={},
pages={634-641},
doi={10.1109/ITSC.2018.8569397},
month={Nov}
}

@article{Bientinesi2011,
 author = {Bientinesi, Paolo and van de Geijn, Robert A.},
 title = {Goal-Oriented and Modular Stability Analysis},
 journal = {SIAM Journal on Matrix Analysis and Applications},
 volume = {32},
 number = {1},
 year = {2011},
 issn = {0895-4798},
 pages = {286--308},
 numpages = {23},
 url = {http://dx.doi.org/10.1137/080741057},
 doi = {10.1137/080741057}
}


@misc{Myers2018,
  author = "Myers, Margaret and van de Geijn, Robert",
  title  = "{LAFF-ON Programming for Correctness}",
  note   = "URL: \url{http://www.cs.utexas.edu/users/rvdg/pubs/LAFFPfC.pdf}. 
            Last visited on 2020/02/25",
  year   = 2018,
}

@misc{Gurobi,
  author = "Gurobi Optimization, LLC",
  title = "Gurobi Optimizer Reference Manual",
  year = 2020,
  url = "http://www.gurobi.com"
}