@techreport{Reed73,
  title={Triangular mesh methods for the neutron transport equation},
  author={Reed, William H and Hill, TR},
  year={1973},
  institution={Los Alamos Scientific Lab., N. Mex.(USA)}
}

@Article{Cockburn01,
author="Cockburn, Bernardo
and Shu, Chi-Wang",
title="Runge--{K}utta Discontinuous {G}alerkin Methods for Convection-Dominated Problems",
journal="Journal of Scientific Computing",
year="2001",
month="Sep",
day="01",
volume="16",
number="3",
pages="173--261"
}

@book{LeVeque1992,
  title={Numerical methods for conservation laws},
  author={Randall J. LeVeque},
  year={1992},
  publisher={Birk\"auser Verlag}
}

@book{Hesthaven08,
  title={Nodal discontinuous {G}alerkin methods: algorithms, analysis, and applications},
  author={Hesthaven, Jan S and Warburton, Tim},
  year={2007},
  publisher={Springer Science \& Business Media}
}


@article{Cockburn1989a,
	title={{TVB} {R}unge-{K}utta local projection discontinuous {G}alerkin finite element method for conservation laws. {II}. {G}eneral framework},
	author={Cockburn, Bernardo and Shu, Chi-Wang},
	journal={Mathematics of Computation},
	volume={52},
	number={186},
	pages={411--435},
	year={1989}
}

@article{Cockburn1989b,
title = "{TVB} {R}unge-{K}utta local projection discontinuous {G}alerkin finite element method for conservation laws {III}: {O}ne-dimensional systems",
journal = "Journal of Computational Physics",
volume = "84",
number = "1",
pages = "90 - 113",
year = "1989",
author = "Bernardo Cockburn and San-Yih Lin and Chi-Wang Shu"
}

@article{Gottlieb2001,
  title={Strong stability-preserving high-order time discretization methods},
  author={Gottlieb, Sigal and Shu, Chi-Wang and Tadmor, Eitan},
  journal={SIAM Review},
  volume={43},
  number={1},
  pages={89--112},
  year={2001},
  publisher={SIAM}
}

@article{Kubatko2006,
	AUTHOR = {E.J.~Kubatko and J.J. Westerink and C. Dawson},
	TITLE = {{$hp$ Discontinuous {G}alerkin methods for advection dominated problems in shallow water flow}},
	JOURNAL = {Computer Methods in Applied Mechanics and Engineering},
	VOLUME = {196},
	PAGES = {437-451},
	YEAR = {2006}
}

@article{Kubatko2009a,
	AUTHOR = {E.J.~Kubatko and S. Bunya and C. Dawson and J.J. Westerink},
	TITLE =  {Dynamic $p$-adaptive {R}unge-{K}utta discontinuous {G}alerkin methods for the shallow water equations},
	JOURNAL = {Computer Methods in Applied Mechanics and Engineering},
        volume = {198},
        pages = {1766-1774},
        year = {2009}
}

@Article{Kubatko2009b,
author="Kubatko, Ethan J. and Bunya, Shintaro and Dawson, Clint and Westerink, Joannes J. and Mirabito, Chris",
title="A Performance Comparison of Continuous and Discontinuous Finite Element Shallow Water Models",
journal="Journal of Scientific Computing",
year="2009",
month="Jul",
day="01",
volume="40",
number="1",
pages="315--339"
}

@article{Kubatko2007,
	title={Semi discrete discontinuous {G}alerkin methods and stage-exceeding-order, strong-stability-preserving {R}unge--{K}utta time discretizations},
	author={Kubatko, Ethan J and Westerink, Joannes J and Dawson, Clint},
	journal={Journal of Computational Physics},
	volume={222},
	number={2},
	pages={832--848},
	year={2007},
	publisher={Elsevier}
}

@article{Wirasaet2014,
	title={Discontinuous {G}alerkin methods with nodal and hybrid modal/nodal triangular, quadrilateral, and polygonal elements for nonlinear shallow water flow},
	author={Wirasaet, D and Kubatko, EJ and Michoski, CE and Tanaka, S and Westerink, JJ and Dawson, C},
	journal={Computer Methods in Applied Mechanics and Engineering},
	volume={270},
	pages={113--149},
	year={2014},
	publisher={Elsevier}
}

@article{Wirasaet2015,
author = {Wirasaet, D. and Brus, S. and Michoski, C.E. and Kubatko, E.J. and Westerink, J.J.},
title = {Artificial boundary layers in discontinuous {G}alerkin solutions to shallow water equations in channels},
journal = {Journal of Computational Physics},
volume = {299},
pages = {597-612},
year = {2015}
}

@article{Michoski2017,
author={C. Michoski and A. Alexanderian and C. Paillet and E.J. Kubatko and C. Dawson},
title={Stability of nonlinear convection-diffusion-reaction systems in discontinuous {G}alerkin methods},
journal={Journal of Scientific Computing},
volume = {70},
pages = {516-550},
year={2017}
}

@article{Michoski2013,
author={C. Michoski and C. Dawson and C. Mirabito and E.J. Kubatko and D. Wirasaet and J.J. Westerink},
title={Fully coupled methods for multiphase morphodynamics},
journal={Advances in Water Resources},
volume={59},
pages={95-110},
year={2013}
}

@article{Michoski2011,
	title={Adaptive hierarchic transformations for dynamically $p$-enriched slope-limiting over discontinuous {G}alerkin systems of generalized equations},
	author={Michoski, C and Mirabito, Chris and Dawson, Clint and Wirasaet, D and Kubatko, Ethan J and Westerink, Joannes J},
	journal={Journal of Computational Physics},
	volume={230},
	number={22},
	pages={8028--8056},
	year={2011},
	publisher={Elsevier}
}

@phdthesis{Brus2017,
author={Steven Brus},
title = {Efficiency improvements for modeling coastal hydrodynamics through the application of high-order discontinuous {G}alerkin solutions to the shallow water equations},
school={University of Notre Dame},
year = {2017}
}


%Slope limiters
@article{Bell1988,
title = "An unsplit, higher order godunov method for scalar conservation laws in multiple dimensions",
journal = "Journal of Computational Physics",
volume = "74",
number = "1",
pages = "1 - 24",
year = "1988",
author = "John B Bell and Clint N Dawson and Gregory R Shubin"
}

@article{Kuzmin2010,
title = "A vertex-based hierarchical slope limiter for $p$-adaptive discontinuous {G}alerkin methods",
journal = "Journal of Computational and Applied Mathematics",
volume = "233",
number = "12",
pages = "3077 - 3085",
year = "2010",
author = "Dmitri Kuzmin"
}

@inproceedings{Persson2006,
  title={Sub-cell shock capturing for discontinuous {G}alerkin Methods},
  author={Persson, Per-Olof and Peraire, Jaime},
  booktitle={Proceedings of the 44th AIAA Aerospace Sciences Meeting and Exhibit},
  pages={13},
  year={2006},
  organization={IEEE Computer Society Press}
}

@article{Dumbser2016,
title = "A simple robust and accurate a posteriori sub-cell finite volume limiter for the discontinuous {G}alerkin method on unstructured meshes",
journal = "Journal of Computational Physics",
volume = "319",
pages = "163 - 199",
year = "2016",
author = "Michael Dumbser and Raphaël Loubère"
}

@article{Michoski2015,
author = {C. Michoski and C. Dawson and E.J. Kubatko and D. Wirasaet and S. Brus and J.J. Westerink},
title = {A comparison of artificial viscosity, limiters, and filter, for high order discontinuous {G}alerkin solution in nonlinear settings},
journal = {Journal of Scientific Computing},
doi = {10.1007/s10915.015.0027.2},
year = {2015}
}

@article{Maday1993,
author = {Maday, Y. and  Kaber, S. and Tadmor, E.},
title = {Legendre Pseudospectral Viscosity Method for Nonlinear Conservation Laws},
journal = {SIAM Journal on Numerical Analysis},
volume = {30},
number = {2},
pages = {321-342},
year = {1993}
}

@article{Meister2011,
author = {Meister, A. and Ortleb, S. and Sonar, Th.},
title = {Application of spectral filtering to discontinuous {G}alerkin methods on triangulations},
journal = {Numerical Methods for Partial Differential Equations},
volume = {28},
number = {6},
year = {2011},
pages = {1840-1868}
}

@article{Guermond2011,
title = "Entropy viscosity method for nonlinear conservation laws",
journal = "Journal of Computational Physics",
volume = "230",
number = "11",
pages = "4248 - 4267",
year = "2011",
note = "Special issue High Order Methods for CFD Problems",
author = "Jean-Luc Guermond and Richard Pasquetti and Bojan Popov"
}