@inproceedings{ExascaleProgrammingChallenges2011,
  title={Exascale programming challenges},
  author={Amarasinghe, Saman and Hall, Mary and Lethin, Richard and Pingali, Keshav and Quinlan, Dan and Sarkar, Vivek and Shalf, John and Lucas, Robert and Yelick, Katherine and others},
  booktitle={Proceedings of the Workshop on Exascale Programming Challenges, Marina del Rey, CA, USA. US Department of Energy, Office of Science, Office of Advanced Scientific Computing Research (ASCR)},
  year={2011}
}

@article{charm++,
 author = {Kale, Laxmikant V. and Krishnan, Sanjeev},
 title = {{Charm++}: {A} Portable Concurrent Object Oriented System Based on {C++}},
 journal = {SIGPLAN Not.},
 issue_date = {Oct. 1, 1993},
 volume = {28},
 number = {10},
 month = {October},
 year = {1993},
 pages = {91--108},
 publisher = {ACM},
 address = {New York, NY, USA}
}

@inproceedings{legion,
  title={Legion: {E}xpressing locality and independence with logical regions},
  author={Bauer, Michael and Treichler, Sean and Slaughter, Elliott and Aiken, Alex},
  booktitle={Proceedings of the international conference on high performance computing, networking, storage and analysis},
  pages={66},
  year={2012},
  organization={IEEE Computer Society Press}
}

@book{chapel1,
  title={Programming models for parallel computing},
  author={Balaji, Pavan},
  year={2015},
  publisher={MIT Press}
}

@article{chapel2,
author = {B.L. Chamberlain and D. Callahan and H.P. Zima},
title = {Parallel Programmability and the {C}hapel Language},
journal = {The International Journal of High Performance Computing Applications},
volume = {21},
number = {3},
pages = {291-312},
year = {2007}
}

@inproceedings{hpx1,
  title={{ParalleX}: an advanced parallel execution model for scaling-impaired applications},
  author={Kaiser, Hartmut and Brodowicz, Maciek and Sterling, Thomas},
  booktitle={Parallel Processing Workshops, 2009. ICPPW'09. International Conference on},
  pages={394--401},
  year={2009},
  organization={IEEE}
}

@inproceedings{hpx2,
	author = {Kaiser, Hartmut and Heller, Thomas and Adelstein-Lelbach, Bryce and Serio, Adrian and Fey, Dietmar},
	title = {{HPX}: {A} Task Based Programming Model in a Global Address Space},
	booktitle = {Proceedings of the 8th International Conference on Partitioned Global Address Space Programming Models},
	series = {PGAS '14},
	year = {2014},
	isbn = {978-1-4503-3247-7},
	location = {Eugene, OR, USA},
	pages = {6:1--6:11},
	articleno = {6},
	numpages = {11},
	acmid = {2676883},
	publisher = {ACM},
	address = {New York, NY, USA}
}

@article{starpu,
  title={{StarPU}: {A} unified platform for task scheduling on heterogeneous multicore architectures},
  author={Augonnet, C{\'e}dric and Thibault, Samuel and Namyst, Raymond and Wacrenier, Pierre-Andr{\'e}},
  journal={Concurrency and Computation: Practice and Experience},
  volume={23},
  number={2},
  pages={187--198},
  year={2011},
  publisher={Wiley Online Library}
}

@INPROCEEDINGS{ocr,
author={T. G. Mattson and R. Cledat and V. Cavé and V. Sarkar and Z. Budimlić and S. Chatterjee and J. Fryman and I. Ganev and R. Knauerhase and Min Lee and B. Meister and B. Nickerson and N. Pepperling and B. Seshasayee and S. Tasirlar and J. Teller and N. Vrvilo},
booktitle={2016 IEEE High Performance Extreme Computing Conference (HPEC)},
title={The Open Community Runtime: A runtime system for extreme scale computing},
year={2016},
volume={},
number={},
pages={1-7},
month={Sept}
}

@ARTICLE{parsec,
	author={G. Bosilca and A. Bouteiller and A. Danalis and M. Faverge and T. Herault and J. J. Dongarra},
	journal={Computing in Science \& Engineering},
	title={{PaRSEC}: {E}xploiting Heterogeneity to Enhance Scalability},
	year={2013},
	volume={15},
	number={6},
	pages={36-45},
	ISSN={1521-9615},
	month={Nov}
}

@inproceedings{unitah,
	author = {Berzins, Martin and Luitjens, Justin and Meng, Qingyu and Harman, Todd and Wight, Charles A. and Peterson, Joseph R.},
	title = {{Uintah}: {A} Scalable Framework for Hazard Analysis},
	booktitle = {Proceedings of the 2010 TeraGrid Conference},
	series = {TG '10},
	year = {2010},
	isbn = {978-1-60558-818-6},
	location = {Pittsburgh, Pennsylvania},
	pages = {3:1--3:8},
	articleno = {3},
	numpages = {8},
	acmid = {1838577},
	publisher = {ACM},
	address = {New York, NY, USA}
}

@inproceedings{darma,
	author = {Jeremiah J Wilke and David S Hollman and Nicole Lemaster Slattengren and Hemanth Kolla and Francesco Rizzi and Keita Teranishi and Janine Camille Bennett and Robert L. Clay},
	title = {The {DARMA} Approach to Asynchronous Many-Task (AMT) Programming},
	booktitle = {JOWOG Programming Models and Co-Design Meeting (Presentation)},
	month = {February},
	year = {2016},
}

@inproceedings{coarray,
  title={{Co-Array Fortran} for parallel programming},
  author={Numrich, Robert W and Reid, John},
  booktitle={ACM Sigplan Fortran Forum},
  volume={17},
  pages={1--31},
  year={1998},
  organization={ACM}
}

@book{upc,
  title={{UPC}: {D}istributed shared memory programming},
  author={El-Ghazawi, Tarek and Carlson, William and Sterling, Thomas and Yelick, Katherine},
  volume={40},
  year={2005},
  publisher={John Wiley \& Sons}
}

%Galois papers
@article{Kulkarni2007,
  author = {Milind Kulkarni and Keshav Pingali and Bruce Walter and Ganesh Ramanarayanan and Kavita Bala and L. Paul Chew},
  title = {Optimistic parallelism requires abstractions},
  journal = {SIGPLAN Not. (Proceedings of PLDI)},
  year = {2007},
  volume = {42},
  pages = {211--222},
  number = {6},
  address = {New York, NY, USA},
  issn = {0362-1340},
  publisher = {ACM}
}

@inproceedings{hassaan2015kinetic,
  title={Kinetic dependence graphs},
  author={Hassaan, Muhammad Amber and Nguyen, Donald D and Pingali, Keshav K},
  booktitle={ACM SIGARCH Computer Architecture News},
  volume={43},
  number={1},
  pages={457--471},
  year={2015},
  organization={ACM}
}


%HPX papers
@inproceedings{Kaiser2015,
  title={Higher-level parallelization for local and distributed asynchronous task-based programming},
  author={Kaiser, Hartmut and Heller, Thomas and Bourgeois, Daniel and Fey, Dietmar},
  booktitle={Proceedings of the First International Workshop on Extreme Scale Programming Models and Middleware},
  pages={29--37},
  year={2015},
  organization={ACM}
}

@Article{Bremer2019,
author="Bremer, Maximilian and Kazhyken, Kazbek and Kaiser, Hartmut and Michoski, Craig and Dawson, Clint",
title="Performance Comparison of {HPX} Versus Traditional Parallelization Strategies for the Discontinuous {G}alerkin Method",
journal="Journal of Scientific Computing",
year="2019",
month="Aug",
day="01",
volume="80",
number="2",
pages="878--902",
issn="1573-7691",
doi="10.1007/s10915-019-00960-z",
url="https://doi.org/10.1007/s10915-019-00960-z"
}

%Miscellaneous
@article{Calhoun2018,
author = {Jon Calhoun and Franck Cappello and Luke N Olson and Marc Snir and William D Gropp},
title ={Exploring the feasibility of lossy compression for {PDE} simulations},
journal = {The International Journal of High Performance Computing Applications},
pages = {1--14},
year = {2018}
}


@article{Kogge2013,
  author    = {Peter M. Kogge and John Shalf},
  title     = {Exascale Computing Trends: {A}djusting to the "New Normal"'
               for Computer Architecture},
  journal   = {Computing in Science \& Engineering},
  volume    = {15},
  number    = {6},
  year      = {2013},
  pages     = {16-26},
  ee        = {http://dx.doi.org/10.1109/MCSE.2013.95},
  bibsource = {DBLP, http://dblp.uni-trier.de}
}

@TechReport{ExtremeHeterogeneity2018,
author = {Vetter, Jeffrey S. and Brightwell, Ron and Gokhale, Maya and McCormick, Pat and Ross, Rob and Shalf, John and Antypas, Katie and Donofrio, David and Humble, Travis and Schuman, Catherine and Van Essen, Brian and Yoo, Shinjae and Aiken, Alex and Bernholdt, David and Byna, Suren and Cameron, Kirk and Cappello, Frank and Chapman, Barbara and Chien, Andrew and Hall, Mary and Hartman-Baker, Rebecca and Lan, Zhiling and Lang, Michael and Leidel, John and Li, Sherry and Lucas, Robert and Mellor-Crummey, John and Peltz Jr., Paul and Peterka, Thomas and Strout, Michelle and Wilke, Jeremiah},
title = {Extreme Heterogeneity 2018 - {P}roductive Computational Science in the Era of Extreme Heterogeneity: {R}eport for {DOE ASCR} Workshop on Extreme Heterogeneity},
institution = {US Department of Energy Office of Science (SC)},
year = {2018},
doi={10.2172/1473756}
}
