@inproceedings{Ferreira2017,
 author = {Ferreira, Chaulio R. and Bader, Michael},
 title = {Load Balancing and Patch-Based Parallel Adaptive Mesh Refinement for Tsunami Simulation on Heterogeneous Platforms Using {Xeon Phi} Coprocessors},
 booktitle = {Proceedings of the Platform for Advanced Scientific Computing Conference},
 series = {PASC '17},
 year = {2017},
 isbn = {978-1-4503-5062-4},
 location = {Lugano, Switzerland},
 pages = {12:1--12:12},
 articleno = {12},
 numpages = {12},
 publisher = {ACM},
 address = {New York, NY, USA},
 note = "Space filling curves with sierpinski gaskets"
}

@INPROCEEDINGS{Bremer2018,
author={Maximilian H. {Bremer} and John D. {Bachan} and Cy P. {Chan}},
booktitle={Parallel Applications Workshop, Alternatives To MPI},
series = {PAW-ATM '18},
title={Semi-Static and Dynamic Load Balancing for Asynchronous Hurricane Storm Surge Simulations},
year={2018},
pages={44-56},
doi={10.1109/PAW-ATM.2018.00010}
}

@article{Devine2005,
  title={New challenges in dynamic load balancing},
  author={Devine, Karen D and Boman, Erik G and Heaphy, Robert T and Hendrickson, Bruce A and Teresco, James D and Faik, Jamal and Flaherty, Joseph E and Gervasio, Luis G},
  journal={Applied Numerical Mathematics},
  volume={52},
  number={2-3},
  pages={133--152},
  year={2005},
  publisher={Elsevier}
}

@article{Burstedde2011,
  title={{p4est}: {S}calable algorithms for parallel adaptive mesh refinement on forests of octrees},
  author={Burstedde, Carsten and Wilcox, Lucas C and Ghattas, Omar},
  journal={SIAM Journal on Scientific Computing},
  volume={33},
  number={3},
  pages={1103--1133},
  year={2011},
  publisher={SIAM}
}

@article{Blaise2012,
author = {S\'ebastien Blaise and Amik St-Cyr},
title = {A Dynamic $hp$-Adaptive Discontinuous {Galerkin} Method for Shallow-Water Flows on the Sphere with Application to a Global Tsunami Simulation},
journal = {Monthly Weather Review},
volume = {140},
number = {3},
pages = {978-996},
year = {2012}
}

@manual{scotch,
author = {Pellegrini, Fran\c{c}ois},
title = {Scotch and libScotch 5.1 user's guide},
date = {November 17, 2010},
version = {Version 5.1.11},
organization = {INRIA Bordeaux Sud-Ouest},
pagetotal = {140}
}

@techreport{Bhatele2012,
author={Bhatele,A. and Fourestier,S. and Menon,H. and Kale,L. V. and Pellegrini,F.},
year={2011},
title={Applying graph partitioning methods in measurement-based dynamic load balancing},
institution={Lawrence Livermore National Laboratory},
}

@article{Karypis1998,
  title={A fast and high quality multilevel scheme for partitioning irregular graphs},
  author={Karypis, George and Kumar, Vipin},
  journal={SIAM Journal on Scientific Computing},
  volume={20},
  number={1},
  pages={359--392},
  year={1998},
  publisher={SIAM}
}

@inproceedings{Karypis1998b,
  title={Multilevel algorithms for multi-constraint graph partitioning},
  author={Karypis, George and Kumar, Vipin},
  booktitle={Proceedings of the 1998 ACM/IEEE conference on Supercomputing},
  pages={1--13},
  year={1998},
  organization={IEEE Computer Society}
}

@article{Aykanat2007,
title = "Adaptive decomposition and remapping algorithms for object-space-parallel direct volume rendering of unstructured grids",
journal = "Journal of Parallel Distributed Computing",
volume = "67",
number = "1",
pages = "77 - 99",
year = "2007",
issn = "0743-7315",
author = "Cevdet Aykanat and B. Barla Cambazoglu and Ferit Findik and Tahsin Kurc"
}

@TechReport{Schloegel1997,
author = {Kirk Schloegel and George Karypis and Vipin Kumar},
title = {Parallel Multilevel Diffusion Algorithms for Repartitioning of Adaptive Meshes},
institution = {UMN},
year = {1997},
number = {97-014}
}

@article{Asuncion2016,
title = "Numerical simulation of tsunamis generated by landslides on multiple {GPUs} ",
journal = "Advances in Engineering Software ",
volume = "99",
number = "",
pages = "59 - 72",
year = "2016",
issn = "0965-9978",
author = "M. de la Asunci\'on and M.J. Castro and J.M. Mantas and S. Ortega",
}


@InProceedings{Hosoori2011,
author="Hosoori, Laleh Rostami and Rahmani, Amir Masoud",
editor="Jeannot, Emmanuel and Namyst, Raymond and Roman, Jean",
title="An Adaptive Load Balancing Algorithm with Use of Cellular Automata for Computational Grid Systems",
booktitle="Euro-Par 2011 Parallel Processing",
year="2011",
publisher="Springer Berlin Heidelberg",
address="Berlin, Heidelberg",
pages="419--430"
}

@PHDTHESIS{Zheng2005,
	author="Gengbin Zheng",
	title="Achieving high performance on extremely large parallel machines: performance prediction and load balancing",
	year="2005",
	school = {Department of Computer Science, University of Illinois at Urbana-Champaign}
}

@techreport{Zheng2006,
	Title= "Automatic Dynamic Load Balancing for a Crack Propagation Application",
	Author = "Gengbin Zheng and Michael S. Breitenfeld and Hari Govind and Philippe Geubelle and Laxmikant V. Kale",
	Institution = "Parallel Programming Laboratory, Department of
	Computer Science, University of Illinois at
	Urbana-Champaign",
	number = "06-08",
	year = "2006",
	month = "June"
}

@inproceedings{Zheng2010,
  title={Hierarchical load balancing for {C}harm++ applications on large supercomputers},
  author={Zheng, Gengbin and Meneses, Esteban and Bhatele, Abhinav and Kale, Laxmikant V},
  booktitle={Parallel Processing Workshops (ICPPW), 2010 39th International Conference on},
  pages={436--444},
  year={2010},
  organization={IEEE}
}

@inproceedings{Menon2013,
  title={A distributed dynamic load balancer for iterative applications},
  author={Menon, Harshitha and Kal{\'e}, Laxmikant},
  booktitle={High Performance Computing, Networking, Storage and Analysis (SC), 2013 International Conference for},
  pages={1--11},
  year={2013},
  organization={IEEE}
}


@INPROCEEDINGS{Pearce2016,
	author={Olga Pearce and Todd Gamblin and Bronis R. {de Supinski} and Martin Schulz and Nancy M. Amato},
	booktitle={2016 IEEE International Parallel and Distributed Processing Symposium (IPDPS)},
	title={MPMD Framework for Offloading Load Balance Computation},
	year={2016},
	pages={943-952},
	doi={10.1109/IPDPS.2016.16},
	ISSN={1530-2075},
	month={May}
}

