@MISC{ADCIRC2017,
        AUTHOR = {R.A.~Luettich and J.J.~Westerink and others},
        TITLE = {{ADCIRC: A} parallel advanced circulation model for oceanic, coastal and estuarine waters},
        NOTE = {Users manual available at www.adcirc.org},
        YEAR = {2017}
}

@misc{NCEI2018,
  author = {{NOAA National Centers for Environmental Information (NCEI)}},
  title = {{U.S.} Billion-Dollar Weather and Climate Disasters},
  howpublished = {\url{https://www.ncdc.noaa.gov/billions/}},
  note = {Accessed: 2018-05-23},
  year = {2018}
}

@article{Dawson2004,
title = "Compatible algorithms for coupled flow and transport",
journal = "Computer Methods in Applied Mechanics and Engineering",
volume = "193",
number = "23",
pages = "2565 - 2580",
year = "2004",
author = "Clint Dawson and Shuyu Sun and Mary F. Wheeler"
}

@article{Dawson2011,
	title={Discontinuous {Galerkin} methods for modeling hurricane storm surge},
	author={Dawson, Clint and Kubatko, Ethan J and Westerink, Joannes J and Trahan, Corey and Mirabito, Christopher and Michoski, Craig and Panda, Nishant},
	journal={Advances in Water Resources},
	volume={34},
	number={9},
	pages={1165--1176},
	year={2011},
	publisher={Elsevier}
}

@article{Dutykh2016,
title = "Modified shallow water equations for significantly varying seabeds",
journal = "Applied Mathematical Modelling",
volume = "40",
number = "23",
pages = "9767 - 9787",
year = "2016",
author = "Denys Dutykh and Didier Clamond"
}


% Wetting and Drying papers
@article{Bunya2009,
  title={A wetting and drying treatment for the {Runge--Kutta} discontinuous {Galerkin} solution to the shallow water equations},
  author={Bunya, Shintaro and Kubatko, Ethan J and Westerink, Joannes J and Dawson, Clint},
  journal={Computer Methods in Applied Mechanics and Engineering},
  volume={198},
  number={17-20},
  pages={1548--1562},
  year={2009},
  publisher={Elsevier}
}

@article{Gandham2015,
  title={{GPU} accelerated discontinuous {G}alerkin methods for shallow water equations},
  author={Gandham, Rajesh and Medina, David and Warburton, Timothy},
  journal={Communications in Computational Physics},
  volume={18},
  number={1},
  pages={37--64},
  year={2015},
  publisher={Cambridge University Press}
}

@Article{Xing2013,
author="Xing, Yulong and Zhang, Xiangxiong",
title="Positivity-Preserving Well-Balanced Discontinuous {G}alerkin Methods for the Shallow Water Equations on Unstructured Triangular Meshes",
journal="Journal of Scientific Computing",
year="2013",
month="October",
day="01",
volume="57",
number="1",
pages="19--41"
}

@article{Casulli2009,
  title={A high-resolution wetting and drying algorithm for free-surface hydrodynamics},
  author={Casulli, Vincenzo},
  journal={International Journal for Numerical Methods in Fluids},
  volume={60},
  number={4},
  pages={391--408},
  year={2009},
  publisher={Wiley Online Library}
}

@article{Rannabauer2018,
title = "{ADER-DG} with a-posteriori finite-volume limiting to simulate tsunamis in a parallel adaptive mesh refinement framework",
journal = "Computers \& Fluids",
year = "2018",
author = "Leonhard Rannabauer and Michael Dumbser and Michael Bader"
}

@article{Vater2015,
title = "A limiter-based well-balanced discontinuous {G}alerkin method for shallow-water flows with wetting and drying: {O}ne-dimensional case",
journal = "Advances in Water Resources",
volume = "85",
pages = "1 - 13",
year = "2015",
author = "Stefan Vater and Nicole Beisiegel and JÃ¶rn Behrens",
keywords = "Shallow water equations, Discontinuous Galerkin, Wetting and drying, Limiter, Well-balanced scheme"
}

%ADCIRC Papers
@article{Westerink2008,
	AUTHOR = {J.~J.~Westerink and R.~A.~Luettich and J.~C.~Feyen and J.~H.~Atkinson and C.~N.~Dawson and H.~J.~Roberts and M.~D.~Powell 			and J.~P.~Dunion and E.~J.~Kubatko and H.~Pourtaheri},
  TITLE = {{A basin to channel scale unstructured grid hurricane storm surge model applied to southern Louisiana}},
	JOURNAL = {Monthly Weather Review},
	VOLUME = {136},
	PAGES = {833-864},
	YEAR = {2008}
}

@article{Bunya2010,
	AUTHOR = {S.~Bunya and J.C. Dietrich and J.J. Westerink and B.A. Ebersole and J.M. Smith and  J.H. Atkinson and R. Jensen and D.T. Resio and R.A. Luettich and C. Dawson and V.J. Cardone and A.T. Cox and M.D. Powell and H.J. Westerink and H.J. Roberts},
	TITLE = {{A high resolution coupled riverine flow, tide, wind, wind wave and storm surge model for Southern Louisiana and Mississippi: {P}art I - Model development and validation}},
	JOURNAL = {Monthly Weather Review},
	VOLUME = {138},
	PAGES = {345-377},
	Year = {2010}
}

@article{Dietrich2010,
	AUTHOR = {J.~C. Dietrich and S.~Bunya and J.~J. Westerink and B.~A. Ebersole and J.~M. Smith and  J.~H. Atkinson and R.~Jensen and D.~T. Resio and R.~A. Luettich and C.~Dawson and V.~J. Cardone and A.~T. Cox and M.~D. Powell and H.~J. Westerink and H.~J. Roberts},
	TITLE = {A High Resolution Coupled Riverine Flow, Tide, Wind, Wind Wave and Storm Surge Model for Southern {L}ouisiana and {M}ississippi: {P}art II - Synoptic Description and Analyses of {Hurricanes Katrina and Rita}},
	JOURNAL = {Monthly Weather Review},
	VOLUME = {138},
	PAGES = {378-404},
	Year = {2010}
}

@ARTICLE{Dietrich2011a,
  author = {J.C. Dietrich  and J.J. Westerink and A.B. Kennedy and
J.M. Smith and  R. E.  Jensen and M. Zijlema and L.H. Holthuijsen and
C. Dawson and R.A. Luettich and  M.D. Powell and V.J. Cardone and A.T. Cox and
G.W. Stone and H. Pourtaheri and M.E. Hope and S. Tanaka and L.G. Westerink and
H. J. Westerink and Z. Cobell},
  title = {Hurricane {G}ustav (2008) Waves and Storm Surge: {H}indcast, Synoptic analysis and validation in Southern {L}ouisiana},
  journal = {Monthly Weather Review},
  year = {2011},
  volume = {139},
  pages = {2488-2522},
}

@Article{Dietrich2011b,
  author = 	 {J.C. Dietrich and M. Zijlema and J.J. Westerink and L.H. Holtjuijsen and C. Dawson and R.A. Luettich, Jr. and R. Jensen and J.M. Smith and G.S. Stelling and G.W. Stone},
  title = 	 {Modeling hurricane wave and storm surge using integrally-coupled, scalable computations},
  journal = 	 {Coastal Engineering},
  year = 	 {2011},
  volume = 	 {58},
  pages = 	 {45--65}
}

@article{Hope2016,
author={M.E. Hope and J.J. Westerink and A.B. Kennedy and J.M. Smith and H.J. Westerink and A. Cox and S. Nong and K.J. Roberts and D.T. Resio and A.P, Totht},
title = {Hurricane {S}andy (2012) Wind, Waves and Storm Surge in {N}ew {Y}ork {B}ight. {I}: {M}odel validation},
journal={Journal of Waterway, Port, Coastal and Ocean Engineering},
volume = {},
pages = {},
year = {2016}
}

@article{Hope2013,
author={Hope, M.E. and Westerink, J.J. and Kennedy, A.B. and Kerr, P.C. and Dietrich, J.C. and Dawson, C. and Bender, C.J. and Smith, J.M. and Jensen, R.E. and Zijlema, M. and Holthuijsen, L.H. and Luettich, R.A., Jr. and Powell, M.D. and Cardone, V.J. and Cox, A.T. and Pourtaheri, H. and Roberts, H.J. and Atkinson, J.H. and Tanaka, S. and Westerink, H.J. and Westerink, L.G.},
title={Hindcast and validation of {Hurricane Ike} (2008) Waves, Forerunner, and Storm Surge},
journal = {Journal of Geophysical Research Oceans},
volume = {118},
pages = {4424-4460},
year = {2013}
}

@article{Tanaka2011,
	AUTHOR = {S.\ Tanaka and S.\ Bunya and J.J.\ Westerink and C.\ Dawson and R.A.\ Luettich},
	TITLE = {Scalability of an unstructured grid continuous {G}alerkin based hurricane storm surge model},
	JOURNAL = {Journal of Scientific Computing},
	VOLUME = {46},
	PAGES = {329-358},
	YEAR = {2011}
}

@article{Carrier1958,
  title={Water waves of finite amplitude on a sloping beach},
  author={Carrier, GF and Greenspan, HP},
  journal={Journal of Fluid Mechanics},
  volume={4},
  number={1},
  pages={97--109},
  year={1958},
  publisher={Cambridge University Press}
}

@Article{Bokhove2005,
author="Bokhove, Onno",
title="Flooding and Drying in Discontinuous {G}alerkin Finite-Element Discretizations of Shallow-Water Equations. {P}art 1: {O}ne Dimension",
journal="Journal of Scientific Computing",
year="2005",
month="Jun",
day="01",
volume="22",
number="1",
pages="47--82",
doi="10.1007/s10915-004-4136-6"
}

@article{Audusse2004,
  title={A fast and stable well-balanced scheme with hydrostatic reconstruction for shallow water flows},
  author={Audusse, Emmanuel and Bouchut, Fran{\c{c}}ois and Bristeau, Marie-Odile and Klein, Rupert and Perthame, Beno\^{i}t},
  journal={SIAM Journal on Scientific Computing},
  volume={25},
  number={6},
  pages={2050--2065},
  year={2004},
  publisher={SIAM}
}

@article{Brus2015,
title = "Artificial boundary layers in discontinuous {G}alerkin solutions to shallow water equations in channels ",
journal = "J. Comput. Phys.",
volume = "299",
pages = "597 - 612",
year = "2015",
doi = "http://dx.doi.org/10.1016/j.jcp.2015.07.015",
url = "http://www.sciencedirect.com/science/article/pii/S002199911500460X",
author = "Damrongsak Wirasaet and Steven R Brus and Craig E Michoski and Ethan J Kubatko and Joannes J Westerink and Clint Dawson"
}

@phdthesis{Brus2017,
  author = "Steven R. Brus",
  title = {Efficiency Improvements for Modeling Coastal Hydrodynamics through the Application of High-Order discontinuous {G}alerkin Solutions to the Shallow Water Equations},
  year = "2017",
  school = {University of Notre Dame}
}

@article{Marras2018,
title = "A residual-based shock capturing scheme for the continuous/discontinuous spectral element solution of the {2D} shallow water equations",
journal = "Adv. Water Resour.",
volume = "114",
pages = "45 - 63",
year = "2018",
issn = "0309-1708",
author = "Simone Marras and Michal A. Kopera and Emil M. Constantinescu and Jenny Suckale and Francis X. Giraldo"
}