% Miscellaneous papers that get cited for the sake of being cited
@article{Harten1983,
  title={High resolution schemes for hyperbolic conservation laws},
  author={Harten, Ami},
  journal={Journal of Computational Physics},
  volume={49},
  number={3},
  pages={357--393},
  year={1983},
  publisher={Elsevier}
}


@article{Osher1983,
  title={Numerical Approximations to Nonlinear Conservation Laws with Locally Varying Time and Space Grids},
  author={Osher, Stanley and Sanders, Richard},
  journal={Mathematics of Computation},
  pages={321--336},
  year={1983},
  publisher={JSTOR}
}

@Article{Constantinescu2007,
author="Constantinescu, Emil M.
and Sandu, Adrian",
title="Multirate Timestepping Methods for Hyperbolic Conservation Laws",
journal="Journal of Scientific Computing",
year="2007",
month="December",
day="01",
volume="33",
number="3",
pages="239--278"
}

@article{Krivodonova2010,
title = "An efficient local time-stepping scheme for solution of nonlinear conservation laws",
journal = "Journal of Computational Physics",
volume = "229",
number = "22",
pages = "8537 - 8551",
year = "2010",
author = "Lilia Krivodonova"
}

@article{Gupta2016,
title = "Multi-rate time stepping schemes for hydro-geomechanical model for subsurface methane hydrate reservoirs",
journal = "Advances in Water Resources",
volume = "91",
pages = "78 - 87",
year = "2016",
author = "Shubhangi Gupta and Barbara Wohlmuth and Rainer Helmig"
}

@article{Hoang2019,
title = "Conservative explicit local time-stepping schemes for the shallow water equations",
journal = "Journal of Computational Physics",
volume = "382",
pages = "152 - 176",
year = "2019",
issn = "0021-9991",
doi = "https://doi.org/10.1016/j.jcp.2019.01.006",
url = "http://www.sciencedirect.com/science/article/pii/S0021999119300233",
author = "Thi-Thao-Phuong Hoang and Wei Leng and Lili Ju and Zhu Wang and Konstantin Pieper",
comment = "Extrapolation based method for shallow water equations"
}

@article{Kesserwani2015,
title = "{RKDG2} shallow-water solver on non-uniform grids with local time steps: {A}pplication to {1D} and {2D} hydrodynamics",
journal = "Applied Mathematical Modelling",
volume = "39",
number = "3",
pages = "1317 - 1340",
year = "2015",
author = "Georges Kesserwani and Qiuhua Liang",
comment = "Krivodonova paper applied to the shallow water equations, with a few extra terms"
}

@article{Hairer1981,
author="Hairer, Ernst",
title="Order conditions for numerical methods for partitioned ordinary differential equations",
journal="Numerische Mathematik",
year="1981",
month="Dec",
day="01",
volume="36",
number="4",
pages="431--445"
}

@article{Schlegel2009,
title = "Multirate {Runge–Kutta} schemes for advection equations",
journal = "Journal of Computational and Applied Mathematics",
volume = "226",
number = "2",
pages = "345 - 357",
year = "2009",
note = "Special Issue: Large scale scientific computations",
issn = "0377-0427",
doi = "https://doi.org/10.1016/j.cam.2008.08.009",
url = "http://www.sciencedirect.com/science/article/pii/S0377042708004147",
author = "Martin Schlegel and Oswald Knoth and Martin Arnold and Ralf Wolke",
keywords = "Time integration, Runge–Kutta method, Multirate scheme, Flux splitting"
}

@article{Gnedin2018,
title = "Enforcing the Courant–Friedrichs–Lewy condition in explicitly conservative local time stepping schemes",
journal = "Journal of Computational Physics",
volume = "359",
pages = "93 - 105",
year = "2018",
issn = "0021-9991",
doi = "https://doi.org/10.1016/j.jcp.2018.01.008",
url = "http://www.sciencedirect.com/science/article/pii/S0021999118300184",
author = "Nickolay Y. Gnedin and Vadim A. Semenov and Andrey V. Kravtsov",
comment = "Great paper on explaining the problem"
}

% Rietmann Newmark LTS with P-Scotch papers
@article{Rietmann2017,
title = "Newmark local time stepping on high-performance computing architectures",
journal = "Journal of Computational Physics",
volume = "334",
pages = "308 - 326",
year = "2017",
author = "Max Rietmann and Marcus Grote and Daniel Peter and Olaf Schenk",
comment = "CG Newmark method for seismic wave-propagation"
}

@INPROCEEDINGS{Rietmann2015,
author={M. Rietmann and D. Peter and O. Schenk and B. Uçar and M. Grote},
booktitle={Proceedings of the 2015 IEEE International Parallel and Distributed Processing Symposium},
series={IPDPS '15},
title={Load-Balanced Local Time Stepping for Large-Scale Wave Propagation},
year={2015},
pages={925-935}
comment = "Newmark method, with P-Scotch partitioning"
}

% PDES Omelchenko papers
@InProceedings{Karimabadi2006,
author="Karimabadi, Homa and Driscoll, Jonathan and Dave, Jagrut and Omelchenko, Yuri and Perumalla, Kalyan and Fujimoto, Richard and Omidi, Nick",
editor="Dongarra, Jack
and Madsen, Kaj
and Wa{\'{s}}niewski, Jerzy",
title="Parallel Discrete Event Simulations of Grid-Based Models: {Asynchronous} Electromagnetic Hybrid Code",
booktitle="Applied Parallel Computing. State of the Art in Scientific Computing",
year="2006",
publisher="Springer Berlin Heidelberg",
address="Berlin, Heidelberg",
pages="573--582",
comment = "Conservative code for PIC, only goes out to 100 cores and doesn't scale past 10 cores"
}

@article{Omelchenko2006,
title = "Event-driven, hybrid particle-in-cell simulation: {A} new paradigm for multi-scale plasma modeling",
journal = "Journal of Computational Physics",
volume = "216",
number = "1",
pages = "153 - 178",
year = "2006",
author = "Y.A. Omelchenko and H. Karimabadi",
comment = "Discrete event simulation; serial"
}

@article{Omelchenko2012,
title = "{HYPERS}: {A} unidimensional asynchronous framework for multiscale hybrid simulations",
journal = "Journal of Computational Physics",
volume = "231",
number = "4",
pages = "1766 - 1780",
year = "2012",
author = "Y.A. Omelchenko and H. Karimabadi",
comment = "Outline of coupled problem; serial DES"
}

@INPROCEEDINGS{Omelchenko2014,
author={Y. A. Omelchenko and H. Karimabadi},
booktitle={Proceedings of the Winter Simulation Conference 2014},
title={Parallel asynchronous hybrid simulations of strongly inhomogeneous plasmas},
year={2014},
pages={3435-3446},
month={Dec},
comment = "Talks about parallel simulation, but only goes out to 4 cores"
}

% Other PDES papers (Unfer, Stone)
@article{Unfer2007,
title = "An asynchronous scheme with local time stepping for multi-scale transport problems: {A}pplication to gas discharges",
journal = "Journal of Computational Physics",
volume = "227",
number = "2",
pages = "898 - 918",
year = "2007",
author = "Thomas Unfer and Jean-Pierre Boeuf and François Rogier and Frédéric Thivet",
comment = "Uses omelchenko paper as motivation, DES approach focusing on updating varation at sources and fluxes (kind of FV-like), two scheduling approaches, based either on a binary tree or a discrete timescheduler"
}

@article{Stone2017,
title = "Asynchronous discrete event schemes for {PDEs}",
journal = "Journal of Computational Physics",
volume = "342",
pages = "161 - 176",
year = "2017",
author = "D. Stone and S. Geiger and G.J. Lord",
comment = "Heriot Watt paper for subsurface flow; presents first order convergence proof"
}

@article{Shao2019,
title = "Efficient modelling of solute transport in heterogeneous media with discrete event simulation",
journal = "Journal of Computational Physics",
volume = "384",
pages = "134 - 150",
year = "2019",
issn = "0021-9991",
doi = "https://doi.org/10.1016/j.jcp.2019.01.026",
url = "http://www.sciencedirect.com/science/article/pii/S0021999119300671",
author = "Q. Shao and S.K. Matthäi and L. Gross",
keywords = "DES for subsurface flows"
}

%Other space-time paper
@article{Loercher2007,
author="L{\"o}rcher, F. and Gassner, G. and Munz, C.-D.",
title="A Discontinuous {Galerkin} Scheme Based on a Space--Time Expansion. {I.} {I}nviscid Compressible Flow in One Space Dimension",
journal="Journal of Scientific Computing",
year="2007",
month="Aug",
day="01",
volume="32",
number="2",
pages="175--199",
comment= "another spacetime one-step method using cauchy kovaleskaya"
}



%DG-ADER Timestepping papers
@article{Dumbser2007,
author = {Dumbser Michael and K\"{a}ser Martin and Eleuterio F. Toro},
title = {An arbitrary high-order {Discontinuous Galerkin} method for elastic waves on unstructured meshes - {V.} Local time stepping and $p$-adaptivity},
journal = {Geophysical Journal International},
volume = {171},
year={2007},
number = {2},
pages = {695-717},
comment = "DES type timestepping for DG-ADER -- no preemption"
}

@article{Taube2009,
author = {Taube, Arne and Dumbser, Michael and Munz, Claus‐Dieter and Schneider, Rudolf},
title = {A high‐order discontinuous {Galerkin} method with time‐accurate local time stepping for the {Maxwell} equations},
journal = {International Journal of Numerical Modelling: Electronic Networks, Devices and Fields},
volume = {22},
number = {1},
year = {2009},
pages = {77-103}
}

@INPROCEEDINGS{Breuer2016,
author={Alexander Breuer and Alexander Heinecke and Michael Bader},
booktitle={International Parallel and Distributed Processing Symposium},
series={IPDPS '16},
title={Petascale Local Time Stepping for the {ADER-DG} Finite Element Method},
year={2016},
pages={854-863},
month={May},
comment = "First serious LTS paper runs up to 86,000 cores for seismic application; clusters steps"
}

@inproceedings{Uphoff2017,
 author = {Uphoff, Carsten and Rettenberger, Sebastian and Bader, Michael and Madden, Elizabeth H. and Ulrich, Thomas and Wollherr, Stephanie and Gabriel, Alice-Agnes},
 title = {Extreme Scale Multi-physics Simulations of the Tsunamigenic 2004 {Sumatra} Megathrust Earthquake},
 booktitle = {Proceedings of the International Conference for High Performance Computing, Networking, Storage and Analysis},
 series = {SC '17},
 year = {2017},
 location = {Denver, Colorado},
 pages = {21:1--21:16},
 articleno = {21},
 numpages = {16},
 publisher = {ACM},
 address = {New York, NY, USA}
}

%Bruno Seny papers
@article{Seny2012,
author = {Seny, B. and Lambrechts, J. and Comblen, R. and Legat, V. and Remacle, J.‐F.},
title = {Multirate time stepping for accelerating explicit discontinuous {Galerkin} computations with application to geophysical flows},
journal = {International Journal for Numerical Methods in Fluids},
volume = {71},
number = {1},
pages = {41-64},
year = {2012},
month = {January}
}

@article{Seny2014,
 author = {Seny, Bruno and Lambrechts, Jonathan and Toulorge, Thomas and Legat, Vincent and Remacle, Jean-Fran\c{c}ois},
 title = {An Efficient Parallel Implementation of Explicit Multirate {Runge}-{Kutta} Schemes for Discontinuous {Galerkin} Computations},
 journal = {Journal of Computational Physics},
 volume = {256},
 number = "1",
 year = {2014},
 pages = {135-160},
 publisher = {Academic Press Professional, Inc.},
 address = {San Diego, CA, USA},
}

%Dawson Papers
@article{Dawson2000,
 author = {Dawson, Clint and Kirby, Robert},
 title = {High Resolution Schemes for Conservation Laws with Locally Varying Time Steps},
 journal = {SIAM Journal on Scientific Computing},
 volume = {22},
 number = {6},
 year = {2001},
 issn = {1064-8275},
 pages = {2256--2281},
 numpages = {26},
 publisher = {Society for Industrial and Applied Mathematics},
 address = {Philadelphia, PA, USA}
 }

@article{Kirby2003,
  title={On the convergence of high resolution methods with multiple time scales for hyperbolic conservation laws},
  author={Kirby, Robert},
  journal={Mathematics of Computation},
  volume={72},
  number={243},
  pages={1239--1250},
  year={2003}
}

@article{Trahan2012,
title = "Local time-stepping in {Runge}-{Kutta} discontinuous {Galerkin} finite element methods applied to the shallow-water equations",
journal = "Computer Methods in Applied Mechanics and Engineering",
volume = "217-220",
pages = "139 - 152",
year = "2012",
author = "Corey J. Trahan and Clint Dawson"
}

@article{Dawson2013,
title = "A parallel local timestepping {Runge}–{Kutta} discontinuous {Galerkin} method with applications to coastal ocean modeling",
journal = "Computer Methods in Applied Mechanics and Engineering",
volume = "259",
pages = "154 - 165",
year = "2013",
author = "Clint Dawson and Corey Jason Trahan and Ethan J. Kubatko and Joannes J. Westerink"
}

%AVI papers
@Article{Lew2003,
author="Lew, A. and Marsden, J. E. and Ortiz, M. and West, M.",
title="Asynchronous Variational Integrators",
journal="Archive for Rational Mechanics and Analysis",
year="2003",
month="April",
day="01",
volume="167",
number="2",
pages="85--146"
}

@article{Kale2006,
author = {Kale, Kedar G. and Lew, Adrian J.},
title = {Parallel asynchronous variational integrators},
journal = {International Journal for Numerical Methods in Engineering},
volume = {70},
number = {3},
pages = {291-321},
year = {2006}
}

@inproceedings{Huang2007,
 author = {Huang, Jen-Chih and Jiao, Xiangmin and Fujimoto, Richard M. and Zha, Hongyuan},
 title = {{DAG}-guided Parallel Asynchronous Variational Integrators with Super-elements},
 booktitle = {Proceedings of the 2007 Summer Computer Simulation Conference},
 series = {SCSC '07},
 year = {2007},
 location = {San Diego, California},
 pages = {691--697},
 numpages = {7},
 publisher = {Society for Computer Simulation International},
 address = {San Diego, CA, USA},
 comments = {Edge flipping paper}
}