@inproceedings{KKMC,
  title={Multilevel algorithms for multi-constraint graph partitioning},
  author={Karypis, George and Kumar, Vipin},
  booktitle={Proceedings of the 1998 ACM/IEEE conference on Supercomputing},
  pages={1--13},
  year={1998},
  organization={IEEE Computer Society}
}

@inproceedings{Ferreira2017,
 author = {Ferreira, Chaulio R. and Bader, Michael},
 title = {Load Balancing and Patch-Based Parallel Adaptive Mesh Refinement for Tsunami Simulation on Heterogeneous Platforms Using Xeon Phi Coprocessors},
 booktitle = {Proceedings of the Platform for Advanced Scientific Computing Conference},
 series = {PASC '17},
 year = {2017},
 isbn = {978-1-4503-5062-4},
 location = {Lugano, Switzerland},
 pages = {12:1--12:12},
 articleno = {12},
 numpages = {12},
 url = {http://doi.acm.org/10.1145/3093172.3093237},
 doi = {10.1145/3093172.3093237},
 acmid = {3093237},
 publisher = {ACM},
 address = {New York, NY, USA}
}

@article{seny,
  title={An efficient parallel implementation of explicit multirate Runge--Kutta schemes for discontinuous Galerkin computations},
  author={Seny, Bruno and Lambrechts, Jonathan and Toulorge, Thomas and Legat, Vincent and Remacle, Jean-Fran{\c{c}}ois},
  journal={J. Comput. Phys.},
  volume={256},
  pages={135--160},
  year={2014},
  publisher={Elsevier}
}

@INPROCEEDINGS{Rietmann,
author={M. Rietmann and D. Peter and O. Schenk and B. UÃ§ar and M. Grote},
booktitle={2015 IEEE International Parallel and Distributed Processing Symposium},
title={Load-Balanced Local Time Stepping for Large-Scale Wave Propagation},
year={2015},
volume={},
number={},
pages={925-935},
month={May}
}

@article{cockburnshureview,
  title={Runge--Kutta discontinuous Galerkin methods for convection-dominated problems},
  author={Cockburn, Bernardo and Shu, Chi-Wang},
  journal={J. Sci. Comput.},
  volume={16},
  number={3},
  pages={173--261},
  year={2001},
  publisher={Springer}
}

@article{dawsonhurr,
title = "Discontinuous Galerkin methods for modeling hurricane storm surge ",
journal = "Adv. Water Resour.",
volume = "34",
number = "9",
pages = "1165 - 1176",
year = "2011",
author = {Clint Dawson and Ethan J. Kubatko and Joannes J. Westerink and Corey Trahan and Christopher Mirabito and Craig Michoski and Nishant Panda}
}

@article{warb,
author = {Gandham, Rajesh and Medina, David and Warburton, Timothy},
year = {2015},
title = {{GPU} Accelerated Discontinuous {G}alerkin Methods for Shallow Water Equations},
journal = {Commun. Comput. Phys.},
volume = {18},
number = {1},
pages = {37-64}
}


@article{bunya,
  title={A wetting and drying treatment for the {R}unge--{K}utta discontinuous {G}alerkin solution to the shallow water equations},
  author={Bunya, Shintaro and Kubatko, Ethan J and Westerink, Joannes J and Dawson, Clint},
  journal={Comput. Method Appl. M.},
  volume={198},
  number={17},
  pages={1548--1562},
  year={2009}
}

@article{brus,
title = "Artificial boundary layers in discontinuous {G}alerkin solutions to shallow water equations in channels ",
journal = "J. Comput. Phys.",
volume = "299",
pages = "597 - 612",
year = "2015",
doi = "http://dx.doi.org/10.1016/j.jcp.2015.07.015",
url = "http://www.sciencedirect.com/science/article/pii/S002199911500460X",
author = "Damrongsak Wirasaet and Steven R Brus and Craig E Michoski and Ethan J Kubatko and Joannes J Westerink and Clint Dawson"
}

@article{giraldo,
title = "A residual-based shock capturing scheme for the continuous/discontinuous spectral element solution of the 2D shallow water equations",
journal = "Adv. Water Resour.",
volume = "114",
pages = "45 - 63",
year = "2018",
issn = "0309-1708",
author = "Simone Marras and Michal A. Kopera and Emil M. Constantinescu and Jenny Suckale and Francis X. Giraldo"
}

@misc{intel-qp-whitepaper,
 author = {Intel},
 title = {An Introduction to the Intel QuickPath Interconnect},
 howpublished = {\url{http://www.intel.com/content/www/us/en/io/quickpath-technology/quick-path-interconnect-introduction-paper.html}},
 year = {2009},
 note = {Accessed: 2018-07-31},
}

@misc{edison-config,
 author = {NERSC},
 title = {NERSC Edison Configuration},
 howpublished = {\url{http://www.nersc.gov/users/computational-systems/edison/configuration/}},
 note = {Accessed: 2018-07-31},
 year = {2018}
}

@inproceedings{Faanes:2012:cascade,
 author = {Faanes, Greg and Bataineh, Abdulla and Roweth, Duncan and Court, Tom and Froese, Edwin and Alverson, Bob and Johnson, Tim and Kopnick, Joe and Higgins, Mike and Reinhard, James},
 title = {Cray Cascade: A Scalable HPC System Based on a Dragonfly Network},
 booktitle = {Proceedings of the 2012 International Conference for High Performance Computing, Networking, Storage and Analysis},
 series = {SC '12},
 year = {2012},
 isbn = {978-1-4673-0806-9},
 pages = {1--9},
 numpages = {9},
 url = {http://dx.doi.org/10.1109/SC.2012.39},
 doi = {10.1109/SC.2012.39},
 acmid = {2478161},
 publisher = {IEEE Computer Society},
 address = {Washington, DC, USA},
 keywords = {Interconnect technologies, parallel and scalable system architectures, performance evaluation and measurement of real systems},
}

@ARTICLE{janssen10-ijdst,
AUTHOR = "Curtis L. Janssen and Helgi Adalsteinsson and Scott Cranford and Joseph P. Kenny and Ali Pinar and David A. Evensky and Jackson Mayo",
TITLE = "A Simulator for Large-Scale Parallel Computer Architectures.",
JOURNAL = "IJDST",
PAGES = {57-73},
volume={1},
number={2},
YEAR = {2010}  }

@inproceedings{charm,
	author = {Kale, Laxmikant V. and Krishnan, Sanjeev},
	title = {CHARM++: A Portable Concurrent Object Oriented System Based on C++},
	booktitle = {Proceedings of the Eighth Annual Conference on Object-oriented Programming Systems, Languages, and Applications},
	series = {OOPSLA '93},
	year = {1993},
	isbn = {0-89791-587-9},
	location = {Washington, D.C., USA},
	pages = {91--108},
	numpages = {18},
	url = {http://doi.acm.org/10.1145/165854.165874},
	doi = {10.1145/165854.165874},
	acmid = {165874},
	publisher = {ACM},
	address = {New York, NY, USA},
} 

@inproceedings{hpx,
	author = {Kaiser, Hartmut and Heller, Thomas and Adelstein-Lelbach, Bryce and Serio, Adrian and Fey, Dietmar},
	title = {HPX: A Task Based Programming Model in a Global Address Space},
	booktitle = {Proceedings of the 8th International Conference on Partitioned Global Address Space Programming Models},
	series = {PGAS '14},
	year = {2014},
	isbn = {978-1-4503-3247-7},
	location = {Eugene, OR, USA},
	pages = {6:1--6:11},
	articleno = {6},
	numpages = {11},
	url = {http://doi.acm.org/10.1145/2676870.2676883},
	doi = {10.1145/2676870.2676883},
	acmid = {2676883},
	publisher = {ACM},
	address = {New York, NY, USA},
	keywords = {Exascale, Global Address Space, High Performance Computing, Parallel Runtime Systems, Programming Models},
}

@inproceedings{legion,
	author = {Bauer, Michael and Treichler, Sean and Slaughter, Elliott and Aiken, Alex},
	title = {Legion: Expressing Locality and Independence with Logical Regions},
	booktitle = {Proceedings of the International Conference on High Performance Computing, Networking, Storage and Analysis},
	series = {SC '12},
	year = {2012},
	isbn = {978-1-4673-0804-5},
	location = {Salt Lake City, Utah},
	pages = {66:1--66:11},
	articleno = {66},
	numpages = {11},
	url = {http://dl.acm.org/citation.cfm?id=2388996.2389086},
	acmid = {2389086},
	publisher = {IEEE Computer Society Press},
	address = {Los Alamitos, CA, USA},
}

	
@misc{ocr,
	author = {OCR},
	title = {OCR: The Open Community Runtime Project},
	year = {2013},
	howpublished = {\url{https://01.org/projects/open-community-runtime}},
}

@ARTICLE{parsec, 
	author={G. Bosilca and A. Bouteiller and A. Danalis and M. Faverge and T. Herault and J. J. Dongarra}, 
	journal={Computing in Science Engineering}, 
	title={PaRSEC: Exploiting Heterogeneity to Enhance Scalability}, 
	year={2013}, 
	volume={15}, 
	number={6}, 
	pages={36-45}, 
	keywords={parallel processing;resource allocation;PaRSEC;application parallelism;core counts;high-performance computing system;memory access times;processor count;resource utilization;scalability enhancement;task parallelism;Adaptation models;Biological system modeling;Computational modeling;Computer architecture;Parallel processing;Programming;Runtime;Scalability;Adaptation models;Biological system modeling;Computational modeling;Computer architecture;HPC;Parallel processing;Programming;Runtime;Scalability;distributed programming;high-performance computing;programming paradigms;scheduling and task partitioning;scientific computing}, 
	doi={10.1109/MCSE.2013.98}, 
	ISSN={1521-9615}, 
	month={Nov},
}

@article{starpu,
	author = {Augonnet, Cedric and Thibault, Samuel and Namyst, Raymond and Wacrenier, Pierre-Andre},
	title = {StarPU: A Unified Platform for Task Scheduling on Heterogeneous Multicore Architectures},
	journal = {Concurr. Comput. : Pract. Exper.},
	issue_date = {February 2011},
	volume = {23},
	number = {2},
	month = feb,
	year = {2011},
	issn = {1532-0626},
	pages = {187--198},
	numpages = {12},
	url = {http://dx.doi.org/10.1002/cpe.1631},
	doi = {10.1002/cpe.1631},
	acmid = {1951454},
	publisher = {John Wiley and Sons Ltd.},
	address = {Chichester, UK},
	keywords = {GPU, accelerator, multicore, runtime system, scheduling},
}

@inproceedings{uintah,
	author = {Berzins, Martin and Luitjens, Justin and Meng, Qingyu and Harman, Todd and Wight, Charles A. and Peterson, Joseph R.},
	title = {Uintah: A Scalable Framework for Hazard Analysis},
	booktitle = {Proceedings of the 2010 TeraGrid Conference},
	series = {TG '10},
	year = {2010},
	isbn = {978-1-60558-818-6},
	location = {Pittsburgh, Pennsylvania},
	pages = {3:1--3:8},
	articleno = {3},
	numpages = {8},
	url = {http://doi.acm.org/10.1145/1838574.1838577},
	doi = {10.1145/1838574.1838577},
	acmid = {1838577},
	publisher = {ACM},
	address = {New York, NY, USA},
	keywords = {Uintah, adaptive, energetic materials, parallel, scalability},
}

@inproceedings{darma,
	author = {Jeremiah J Wilke and David S Hollman and Nicole Lemaster Slattengren and Hemanth Kolla and Francesco Rizzi and Keita Teranishi and Janine Camille Bennett and Robert L. Clay},
	title = {The DARMA Approach to Asynchronous Many-Task (AMT) Programming},
	booktitle = {JOWOG Programming Models and Co-Design Meeting (Presentation)},
	month = {February},
	year = {2016},
}

@inproceedings{Jain:2016,
	author = {Jain, Nikhil and Bhatele, Abhinav and White, Sam and Gamblin, Todd and Kale, Laxmikant V.},
	title = {Evaluating HPC Networks via Simulation of Parallel Workloads},
	booktitle = {Proceedings of the International Conference for High Performance Computing, Networking, Storage and Analysis},
	series = {SC '16},
	year = {2016},
	isbn = {978-1-4673-8815-3},
	location = {Salt Lake City, Utah},
	pages = {14:1--14:12},
	articleno = {14},
	numpages = {12},
	url = {http://dl.acm.org/citation.cfm?id=3014904.3014923},
	acmid = {3014923},
	publisher = {IEEE Press},
	address = {Piscataway, NJ, USA},
	keywords = {computer simulation, high performance computing, multiprocessor interconnection networks, network topology, performance evaluation},
}

@inproceedings{Chan:2016,
	author = {Chan, Cy P and Bachan, John D and Kenny, Joseph P and Wilke, Jeremiah J and Beckner, Vincent E and Almgren, Ann S and Bell, John B},
	title = {Topology-aware Performance Optimization and Modeling of Adaptive Mesh Refinement Codes for Exascale},
	booktitle = {Proceedings of the First Workshop on Optimization of Communication in HPC},
	series = {COM-HPC '16},
	year = {2016},
	isbn = {978-1-5090-3829-9},
	location = {Salt Lake City, Utah},
	pages = {17--28},
	numpages = {12},
	url = {https://doi.org/10.1109/COM-HPC.2016.8},
	doi = {10.1109/COM-HPC.2016.8},
	acmid = {3018061},
	publisher = {IEEE Press},
	address = {Piscataway, NJ, USA},
}

@article{Zhang:2016,
	author = {Zhang, Deli and Wilke, Jeremiah and Hendry, Gilbert and Dechev, Damian},
	title = {Validating the Simulation of Large-Scale Parallel Applications Using Statistical Characteristics},
	journal = {ACM Trans. Model. Perform. Eval. Comput. Syst.},
	issue_date = {March 2016},
	volume = {1},
	number = {1},
	month = feb,
	year = {2016},
	issn = {2376-3639},
	pages = {3:1--3:22},
	articleno = {3},
	numpages = {22},
	url = {http://doi.acm.org/10.1145/2809778},
	doi = {10.1145/2809778},
	acmid = {2809778},
	publisher = {ACM},
	address = {New York, NY, USA},
	keywords = {Simulation evaluation, evaluation metrics, software skeleton},
}

@inproceedings{Barrett:2012,
	author = {Barrett, Richard F. and Hu, X. S. and Dosanjh, Sudip S. and Parker, S. and Heroux, Michael A. and Shalf, J.},
	title = {Toward Codesign in High Performance Computing Systems},
	booktitle = {Proceedings of the International Conference on Computer-Aided Design},
	series = {ICCAD '12},
	year = {2012},
	isbn = {978-1-4503-1573-9},
	location = {San Jose, California},
	pages = {443--449},
	numpages = {7},
	url = {http://doi.acm.org/10.1145/2429384.2429476},
	doi = {10.1145/2429384.2429476},
	acmid = {2429476},
	publisher = {ACM},
	address = {New York, NY, USA},
	keywords = {hardware/software codesign, high performance computing, parallel architectures, scientific applications},
}

@article{Janssen:2011,
	author = {Janssen, Curtis L. and Adalsteinsson, Helgi and Kenny, Joseph P.},
	title = {Using Simulation to Design Extremescale Applications and Architectures: Programming Model Exploration},
	journal = {SIGMETRICS Perform. Eval. Rev.},
	issue_date = {March 2011},
	volume = {38},
	number = {4},
	month = mar,
	year = {2011},
	issn = {0163-5999},
	pages = {4--8},
	numpages = {5},
	url = {http://doi.acm.org/10.1145/1964218.1964220},
	doi = {10.1145/1964218.1964220},
	acmid = {1964220},
	publisher = {ACM},
	address = {New York, NY, USA},
}

@inproceedings{Mubarak:2014,
	author = {Mubarak, Misbah and Carothers, Christopher D. and Ross, Robert B. and Carns, Philip},
	title = {A Case Study in Using Massively Parallel Simulation for Extreme-scale Torus Network Codesign},
	booktitle = {Proceedings of the 2Nd ACM SIGSIM Conference on Principles of Advanced Discrete Simulation},
	series = {SIGSIM PADS '14},
	year = {2014},
	isbn = {978-1-4503-2794-7},
	location = {Denver, Colorado, USA},
	pages = {27--38},
	numpages = {12},
	url = {http://doi.acm.org/10.1145/2601381.2601383},
	doi = {10.1145/2601381.2601383},
	acmid = {2601383},
	publisher = {ACM},
	address = {New York, NY, USA},
	keywords = {exascale systems, high-performance computing, massively parallel architectures, parallel discrete-event simulation, torus networks},
}

@article{blaise,
author = {S\'ebastien Blaise and Amik St-Cyr},
title = {A Dynamic hp-Adaptive Discontinuous Galerkin Method for Shallow-Water Flows on the Sphere with Application to a Global Tsunami Simulation},
journal = {Monthly Weather Review},
volume = {140},
number = {3},
pages = {978-996},
year = {2012},
doi = {10.1175/MWR-D-11-00038.1},
URL = { 
        http://dx.doi.org/10.1175/MWR-D-11-00038.1
    
}
}

@article{wdgpu,
 author = {de la Asunci\'{o}n, Marc and Castro, Manuel J. and Mantas, Jos\'{e} M. and Ortega, Sergio},
 title = {Numerical Simulation of Tsunamis Generated by Landslides on Multiple {GPU}s},
 journal = {Adv. Eng. Softw.},
 issue_date = {September 2016},
 volume = {99},
 number = {C},
 month = Sep,
 year = {2016},
 issn = {0965-9978},
 pages = {59--72},
 numpages = {14},
 url = {https://doi.org/10.1016/j.advengsoft.2016.05.005},
 doi = {10.1016/j.advengsoft.2016.05.005},
 acmid = {2978506},
 publisher = {Elsevier Science Ltd.},
 address = {Oxford, UK, UK},
 keywords = {CUDA, Finite volume schemes, Load balancing, MPI, Structured meshes, Tsunamis generated by landslides},
}

@Article{michsl,
author="Michoski, Craig
and Dawson, Clint
and Kubatko, Ethan J.
and Wirasaet, Damrongsak
and Brus, Steven R.
and Westerink, Joannes J.",
title="A Comparison of Artificial Viscosity, Limiters, and Filters, for High Order Discontinuous Galerkin Solutions in Nonlinear Settings",
journal="Journal of Scientific Computing",
year="2016",
volume="66",
number="1",
pages="406--434",
issn="1573-7691",
doi="10.1007/s10915-015-0027-2",
url="http://dx.doi.org/10.1007/s10915-015-0027-2"
}


@article{OG,
  title={p4est: Scalable algorithms for parallel adaptive mesh refinement on forests of octrees},
  author={Burstedde, Carsten and Wilcox, Lucas C and Ghattas, Omar},
  journal={SIAM Journal on Scientific Computing},
  volume={33},
  number={3},
  pages={1103--1133},
  year={2011},
  publisher={SIAM}
}

@inproceedings{charmha,
  title={Hierarchical load balancing for Charm++ applications on large supercomputers},
  author={Zheng, Gengbin and Meneses, Esteban and Bhatele, Abhinav and Kale, Laxmikant V},
  booktitle={Parallel Processing Workshops (ICPPW), 2010 39th International Conference on},
  pages={436--444},
  year={2010},
  organization={IEEE}
}

@article{zoltan1,
  title={New challenges in dynamic load balancing},
  author={Devine, Karen D and Boman, Erik G and Heaphy, Robert T and Hendrickson, Bruce A and Teresco, James D and Faik, Jamal and Flaherty, Joseph E and Gervasio, Luis G},
  journal={Applied Numerical Mathematics},
  volume={52},
  number={2-3},
  pages={133--152},
  year={2005},
  publisher={Elsevier}
}


@inproceedings{charmgossip,
  title={A distributed dynamic load balancer for iterative applications},
  author={Menon, Harshitha and Kal{\'e}, Laxmikant},
  booktitle={High Performance Computing, Networking, Storage and Analysis (SC), 2013 International Conference for},
  pages={1--11},
  year={2013},
  organization={IEEE}
}

@Inbook{ca,
author="Hosoori, Laleh Rostami
and Rahmani, Amir Masoud",
editor="Jeannot, Emmanuel
and Namyst, Raymond
and Roman, Jean",
title="An Adaptive Load Balancing Algorithm with Use of Cellular Automata for Computational Grid Systems",
bookTitle="Euro-Par 2011 Parallel Processing: 17th International Conference, Euro-Par 2011, Bordeaux, France, August 29 - September 2, 2011, Proceedings, Part I",
year="2011",
publisher="Springer Berlin Heidelberg",
address="Berlin, Heidelberg",
pages="419--430",
isbn="978-3-642-23400-2"
}


@techreport{scotch,
author={Bhatele,A. and Fourestier,S. and Menon,H. and Kale,L. V. and Pellegrini,F.},
year={2012},
title={Applying graph partitioning methods in measurement-based dynamic load balancing},
institution={USDOE},
keywords={MATHEMATICS, COMPUTING, AND INFORMATION SCIENCE}
}

@PHDTHESIS{zheng-thesis,
	author="Gengbin Zheng",
	title="Achieving high performance on extremely large parallel machines: performance prediction and load balancing",
	year="2005",
	school = {Department of Computer Science, University of Illinois at Urbana-Champaign}
}

@techreport{zheng-async-lb,
	Title= "Automatic Dynamic Load Balancing for a Crack Propagation Application",
	Author = "Gengbin Zheng and Michael S. Breitenfeld and Hari Govind and Philippe Geubelle and Laxmikant V. Kale",
	Institution = "Parallel Programming Laboratory, Department of
	Computer Science, University of Illinois at
	Urbana-Champaign",
	number = "06-08",
	year = "2006",
	month = "June"
}

@INPROCEEDINGS{pearce-async-lb, 
	author={Olga Pearce and Todd Gamblin and Bronis R. {de Supinski} and Martin Schulz and Nancy M. Amato}, 
	booktitle={2016 IEEE International Parallel and Distributed Processing Symposium (IPDPS)}, 
	title={MPMD Framework for Offloading Load Balance Computation}, 
	year={2016}, 
	pages={943-952}, 
	keywords={parallel processing;resource allocation;simulation;Barnes-Hut benchmark;MPMD framework;ParaDiS;SPMD simulations;dislocation dynamics simulation;dynamic load balance algorithms;mesh cells;offloading load balance computation;parallel scientific simulations;spatial domain;work distribution;Computational modeling;Heuristic algorithms;Load management;Load modeling;Partitioning algorithms;Program processors;Runtime;graph partitioning;load balancing;parallel simulations}, 
	doi={10.1109/IPDPS.2016.16}, 
	ISSN={1530-2075}, 
	month={May}
}

@article{realmetis,
  title={A fast and high quality multilevel scheme for partitioning irregular graphs},
  author={Karypis, George and Kumar, Vipin},
  journal={SIAM Journal on scientific Computing},
  volume={20},
  number={1},
  pages={359--392},
  year={1998},
  publisher={SIAM}
}


@article{BDS,
title = "An unsplit, higher order godunov method for scalar conservation laws in multiple dimensions",
journal = "Journal of Computational Physics",
volume = "74",
number = "1",
pages = "1 - 24",
year = "1988",
note = "",
issn = "0021-9991",
doi = "http://dx.doi.org/10.1016/0021-9991(88)90065-4",
url = "http://www.sciencedirect.com/science/article/pii/0021999188900654",
author = "John B Bell and Clint N Dawson and Gregory R Shubin"
}


@TechReport{diff1,
author = {Kirk Schloegel and George Karypis and Vipin Kumar},
title = {Parallel Multilevel Diffusion Algorithms for Repartitioning of Adaptive Meshes},
institution = {UMN},
year = {1997},
number = {97-014}
}
@Manual{realscotch,
title = {Scotch and libScotch 5.1 user's guide},
author = {Pellegrini, Fran{\c{c}}ois},
year = {2008}
}

@misc{noaa,
author = {NOAA National Centers for Environmental Information (NCEI)},
title = {U.S. Billion-Dollar Weather and Climate Disasters},
howPublished = {\url{https://www.ncdc.noaa.gov/billions/}},
year = {2018}
}

@article{KoggeCiSE2014,
  author    = {Peter M. Kogge and John Shalf},
  title     = {Exascale Computing Trends: Adjusting to the "New Normal"'
               for Computer Architecture},
  journal   = {Computing in Science and Engineering},
  volume    = {15},
  number    = {6},
  year      = {2013},
  pages     = {16-26},
  ee        = {http://dx.doi.org/10.1109/MCSE.2013.95},
  bibsource = {DBLP, http://dblp.uni-trier.de}
}

@INPROCEEDINGS{shattered,
  title={Partitioning on dynamic behavior for parallel discrete event simulation},
  author={Bahulkar, Ketan and Wang, Jingjing and Abu-Ghazaleh, Nael and Ponomarev, Dmitry},
  booktitle={4th ACM/IEEE/SCS Workshop on Principles of Advanced and Distributed Simulation}, 
  pages={221--230},
  year={2012},
  organization={IEEE Computer Society}
}

@article{Stanisic2015,
  title={Faithful performance prediction of a dynamic task-based runtime system for heterogeneous multi-core architectures},
  author={Stanisic, Luka and Thibault, Samuel and Legrand, Arnaud and Videau, Brice and M{\'e}haut, Jean-Fran{\c{c}}ois},
  journal={Concurrency and Computation: Practice and Experience},
  volume={27},
  number={16},
  pages={4075--4090},
  year={2015},
  publisher={Wiley Online Library}
}

@inproceedings{Stanisic2015fast,
  title={Fast and accurate simulation of multithreaded sparse linear algebra solvers},
  author={Stanisic, Luka and Agullo, Emmanuel and Buttari, Alfredo and Guermouche, Abdou and Legrand, Arnaud and Lopez, Florent and Videau, Brice},
  booktitle={Parallel and Distributed Systems (ICPADS), 2015 IEEE 21st International Conference on},
  pages={481--490},
  year={2015},
  organization={IEEE}
}

@phdthesis{Jain2016,
  author = "Nikhil Jain",
  title = {Optimization of Communication Intensive Applications on {HPC} Networks},
  year = "2016",
  school = {Dept. of Computer Science, University of Illinois}
}

@article{rmmetis,
title = "Adaptive decomposition and remapping algorithms for object-space-parallel direct volume rendering of unstructured grids",
journal = "Journal of Parallel and Distributed Computing",
volume = "67",
number = "1",
pages = "77 - 99",
year = "2007",
issn = "0743-7315",
doi = "https://doi.org/10.1016/j.jpdc.2006.05.005",
author = "Cevdet Aykanat and B. Barla Cambazoglu and Ferit Findik and Tahsin Kurc"
}

@inproceedings{Bachan2017,
 author = {Bachan, John and Bonachea, Dan and Hargrove, Paul H and Hofmeyr, Steve and Jacquelin, Mathias and Kamil, Amir and van Straalen, Brian and Baden, Scott B},
 title = {The {UPC++ PGAS} library for Exascale Computing: {E}xtended Abstract},
 booktitle = {Proceedings of the Second Annual PGAS Applications Workshop},
 series = {PAW '17},
 year = {2017},
 location = {Denver,CO,USA},
 doi = {10.1145/3144779.3169108},
 publisher = {ACM},
 address = {New York, NY, USA},
 numpages = {4}
}

@phdthesis{Brus2017,
  author = "Steven R. Brus",
  title = {Efficiency Improvements for Modeling Coastal Hydrodynamics through the Application of High-Order discontinuous {G}alerkin Solutions to the Shallow Water Equations},
  year = "2017",
  school = {University of Notre Dame}
}
